@String(PAMI = {IEEE Trans. Pattern Anal. Mach. Intell.})
@String(IJCV = {Int. J. Comput. Vis.})
@String(CVPR= {IEEE Conf. Comput. Vis. Pattern Recog.})
@String(ICCV= {Int. Conf. Comput. Vis.})
@String(ECCV= {Eur. Conf. Comput. Vis.})
@String(NIPS= {Adv. Neural Inform. Process. Syst.})
@String(ICPR = {Int. Conf. Pattern Recog.})
@String(BMVC= {Brit. Mach. Vis. Conf.})
@String(TOG= {ACM Trans. Graph.})
@String(TIP  = {IEEE Trans. Image Process.})
@String(TVCG  = {IEEE Trans. Vis. Comput. Graph.})
@String(TMM  = {IEEE Trans. Multimedia})
@String(ACMMM= {ACM Int. Conf. Multimedia})
@String(ICME = {Int. Conf. Multimedia and Expo})
@String(ICASSP=	{ICASSP})
@String(ICIP = {IEEE Int. Conf. Image Process.})
@String(ACCV  = {ACCV})
@String(ICLR = {Int. Conf. Learn. Represent.})
@String(IJCAI = {IJCAI})
@String(PR   = {Pattern Recognition})
@String(AAAI = {AAAI})
@String(CVPRW= {IEEE Conf. Comput. Vis. Pattern Recog. Worksh.})
@String(CSVT = {IEEE Trans. Circuit Syst. Video Technol.})

@String(SPL	= {IEEE Sign. Process. Letters})
@String(VR   = {Vis. Res.})
@String(JOV	 = {J. Vis.})
@String(TVC  = {The Vis. Comput.})
@String(JCST  = {J. Comput. Sci. Tech.})
@String(CGF  = {Comput. Graph. Forum})
@String(CVM = {Computational Visual Media})

@String(PNAS  = {Proceedings of the National Academy of Sciences of the United States of America})

@data{data,
author = {Biddle, Nicholas and Edwards, Ben and Gray, Matthew and Sollis, Kate},
publisher = {ADA Dataverse},
title = {ANU Poll 35 (August 2020): COVID-19 attitudes and behaviours (Wave 3)},
year = {2021},
doi = {10.26193/ZFGFNE},
url = {http://dx.doi.org/10.26193/ZFGFNE}
}

@article{fpgrowth,
  title={Mining frequent patterns without candidate generation},
  author={Han, Jiawei and Pei, Jian and Yin, Yiwen},
  journal={ACM sigmod record},
  volume={29},
  number={2},
  pages={1--12},
  year={2000},
  publisher={ACM New York, NY, USA}
}

@inproceedings{apriori,
  title={Fast algorithms for mining association rules},
  author={Agrawal, Rakesh and Srikant, Ramakrishnan and others},
  booktitle={Proc. 20th int. conf. very large data bases, VLDB},
  volume={1215},
  pages={487--499},
  year={1994},
  organization={Citeseer}
}

@inproceedings{transformer,
 author = {Vaswani, Ashish and Shazeer, Noam and Parmar, Niki and Uszkoreit, Jakob and Jones, Llion and Gomez, Aidan N and Kaiser, \L ukasz and Polosukhin, Illia},
 booktitle = {Advances in Neural Information Processing Systems},
 editor = {I. Guyon and U. Von Luxburg and S. Bengio and H. Wallach and R. Fergus and S. Vishwanathan and R. Garnett},
 pages = {},
 publisher = {Curran Associates, Inc.},
 title = {Attention is All you Need},
 url = {https://proceedings.neurips.cc/paper/2017/file/3f5ee243547dee91fbd053c1c4a845aa-Paper.pdf},
 volume = {30},
 year = {2017}
}

@inproceedings{bert,
    title = "{BERT}: Pre-training of Deep Bidirectional Transformers for Language Understanding",
    author = "Devlin, Jacob  and
      Chang, Ming-Wei  and
      Lee, Kenton  and
      Toutanova, Kristina",
    booktitle = "Proceedings of the 2019 Conference of the North {A}merican Chapter of the Association for Computational Linguistics: Human Language Technologies, Volume 1 (Long and Short Papers)",
    month = jun,
    year = "2019",
    address = "Minneapolis, Minnesota",
    publisher = "Association for Computational Linguistics",
    url = "https://aclanthology.org/N19-1423",
    doi = "10.18653/v1/N19-1423",
    pages = "4171--4186",
    abstract = "We introduce a new language representation model called BERT, which stands for Bidirectional Encoder Representations from Transformers. Unlike recent language representation models (Peters et al., 2018a; Radford et al., 2018), BERT is designed to pre-train deep bidirectional representations from unlabeled text by jointly conditioning on both left and right context in all layers. As a result, the pre-trained BERT model can be fine-tuned with just one additional output layer to create state-of-the-art models for a wide range of tasks, such as question answering and language inference, without substantial task-specific architecture modifications. BERT is conceptually simple and empirically powerful. It obtains new state-of-the-art results on eleven natural language processing tasks, including pushing the GLUE score to 80.5 (7.7 point absolute improvement), MultiNLI accuracy to 86.7{\%} (4.6{\%} absolute improvement), SQuAD v1.1 question answering Test F1 to 93.2 (1.5 point absolute improvement) and SQuAD v2.0 Test F1 to 83.1 (5.1 point absolute improvement).",
}

@inproceedings{
tupe,
title={Rethinking Positional Encoding in Language Pre-training},
author={Guolin Ke and Di He and Tie-Yan Liu},
booktitle={International Conference on Learning Representations},
year={2021},
url={https://openreview.net/forum?id=09-528y2Fgf}
}

@misc{acs,
    title = {ACS Code of Professional Conduct},
    author = {Australian Computer Society},
}

@misc{acm,
    title = {Statement on Algorithmic Transparency and Accountability},
    author = {ACMUSPP Council},
}

@article{techniques,
    author = {Mengnan Du and Ninghao Liu and Xia Hu},
    title = {Techniques for Interpretable Machine Learning},
    journal = {Communications of the ACM},
    volume = 63,
    number = 1,
    pages = {68--77},
    year = 2020,
}

@article{children_md,
    author = {Hilda K Kabali and Matilde M Irigoyen and Rosemary Nunez-Davis and Jennifer G   Budacki and Sweta H Mohanty and Kristin P Leister and Robert L Bonner Jr},
    title = {Exposure and Use of Mobile Media Devices by Young Children},
    journal = {Pediatrics},
    volume = 136,
    issue = 6,
    pages = {1044--1150},
    year = 2015,
    month = {Dec},
}

@article{gdpr,
    author = {European Commission},
    title = {Regulation (EU) 2016/679 of the European Parliament and of the Council of 27 April 2016 on the protection of natural persons with regard to the processing of personal data and on the free movement of such data, and repealing Directive 95/46/EC (General Data Protection Regulation)},
    journal = {Official Journal L 119},
    pages = {1--88},
    year = 2016,
    month = {April},
    date = {2016-04-05},
}

@inbook{coppa,
    title = {United States Code, Supplement 5, Title 15 - COMMERCE AND TRADE},
    chapter = 91,
    year = 2006,
}

@book{who,
    author = {World Health Organization},
    title = {Global status report on alcohol and health 2018},
}

@misc{ads,
    title = {How Many Ads Do We See A Day In 2021?},
    author = {Sam Carr},
    journal = {PPC Protect},
    url = {https://ppcprotect.com/blog/strategy/how-many-ads-do-we-see-a-day/},
    year = {2021},
    month = {Feb}
}

@article{smoke,
    author = {W.H. Ranking},
    title = {The Salutary Effects of Smoking},
    journal = {The Lancet},
    volume = 69,
    issue = 1748,
    pages = {227--228},
    date = {1857-02-28},
    year = 1857,
    month = {Feb},
}

@article{fb,
    author = {Julia Angwin and Terry Parris Jr.},
    title = {Facebook Lets Advertisers Exclude Users by Race},
    journal = {ProPublica},
    date = {2016-10-28},
    url = {https://www.propublica.org/article/facebook-lets-advertisers-exclude-users-by-race},
    urldate = {2022-03-12}
}

@article{ACLUvFB,
    author = {Galen Sherwin and Esha Bhandari},
    title = {Facebook Settles Civil Rights Cases by Making Sweeping Changes to Its Online Ad Platform},
    date = {2019-03-19},
    url = {https://www.aclu.org/blog/womens-rights/womens-rights-workplace/facebook-settles-civil-rights-cases-making-sweeping},
    urldate = {2022-03-12}
}

@article{CWAvFB,
    author = {Amy Fetherolf and Peter Romer-Friedman and Ana Blinder},
    title = {Facebook Agrees to Sweeping Reforms to Curb Discriminatory Ad Targeting Practices},
    year = 2019,
    month = {Mar},
    date = {2019-03-19},
    url = {https://cwa-union.org/news/releases/facebook-agrees-sweeping-reforms-curb-discriminatory-ad-targeting-practices},
    urldate = {2022-03-12}
}

@inbook{HUDvFB,
    title = {HUD v. Facebook, Inc.},
    publisher = {01-18-0323-8},
    year = 2019,
}

@inbook{NFHAvFB,
    title = {NFHA v. Facebook, Inc.},
    publisher = {1:18-cv-02689-JGK},
    year = 2018,
}

@article{fairecsys,
    author = {Bora Edizel and Francesco Bonchi and Sara Hajian and AndrÂ´e Panisson and Tamir Tassa},
    title = {FaiRecSys: Mitigating Algorithmic Bias in Recommender Systems},
    journal = {International Journal of Data Science and Analytics},
    year = 2020,
    volume = 9,
    pages = {192--213},
}

@article{yahoo,
    author = {Yahoo!},
    title = {Yahoo Security Notice December 14, 2016},
    year = 2016,
    month = {Dec},
    date = {2016-12-4},
    url = {https://help.yahoo.com/kb/SLN27925.html},
    urldate = {2022-03-12}
}

@article{starwood,
    author = {Marriott International},
    title = {Starwood Guest Reservation Database Security Incident},
    year = 2018,
    url = {http://starwoodstag.wpengine.com},
    urldate = {2022-03-12}
}

@article{marriott,
    author = {Marriott},
    title = {Marriott International Notifies Guests of Property System Incident},
    year = 2020,
    month = {Mar},
    date = {2020-03-31},
    url = {https://news.marriott.com/news/2020/03/31/marriott-international-notifies-guests-of-property-system-incident},
    urldate = {2022-03-12}
}

@article{fire,
    author = {Katharine MacDonald and Fulco Scherjon and Eva van Veen and Krist Vaesen and Wil Roebroeks},
    title = {Middle Pleistocene fire use: The first signal of widespread cultural diffusion in human evolution},
    journal = PNAS,
    volume = 118,
    number = 31,
    year = 2021,
    month = {July},
    date = {2021-07-23}
}

@article{outage,
    author = {Santosh Janardhan},
    title = {Update about the October 4th outage},
    year = 2018,
    month = {Oct},
    date = {2021-10-04},
    url = {https://engineering.fb.com/2021/10/04/networking-traffic/outage},
    urldate = {2022-03-12}
}

@article{cvr,
    author = {Conor Bond},
    title = {Conversion Rate Benchmarks: Find Out How YOUR Conversion Rate Compares},
    year = 2022,
    month = {March},
    date = {2022-03-12},
    url = {https://www.wordstream.com/blog/ws/2019/08/19/conversion-rate-benchmarks},
    urldate = {2022-03-12}
}

@article{resnet,
    author = {Kaiming He and Xiangyu Zhang and Shaoqing Ren and Jian Sun},
    title = {Deep Residual Learning for Image Recognition},
    journal = PAMI,
    year = 2016,
}

@article{resnet_ensemble,
    author = {Andreas Veit and Michael Wilber and Serge Belongie},
    title = {Residual Networks Behave Like Ensembles of Relatively Shallow Networks},
    journal = NIPS,
    year = 2016,
}

@misc{resnet_degredation,
    author = {Prasun Roy and Subhankar Ghosh and Saumik Bhattacharya and Umapada Pal},
    title = {Effects of Degradations on Deep Neural Network Architectures},
    year = 2018,
}